<record><leader>00000cas a2200000 a 4500</leader><controlfield tag="001">26889790</controlfield><controlfield tag="008">921030c19929999ncucr ne      0   a0eng c</controlfield><datafield ind1=" " ind2=" " tag="010"><subfield code="a">sn 92073237 </subfield></datafield><datafield ind1=" " ind2=" " tag="040"><subfield code="a">NCS</subfield><subfield code="b">eng</subfield><subfield code="c">NCS</subfield><subfield code="d">NVJ</subfield><subfield code="d">NSD</subfield><subfield code="d">NVJ</subfield><subfield code="d">OCL</subfield><subfield code="d">NYS</subfield><subfield code="d">OCLCQ</subfield><subfield code="d">OCLCF</subfield><subfield code="d">OCLCO</subfield></datafield><datafield ind1=" " ind2=" " tag="012"><subfield code="m">1</subfield></datafield><datafield ind1="0" ind2=" " tag="022"><subfield code="a">1070-2741</subfield><subfield code="l">1070-2741</subfield><subfield code="2">1</subfield></datafield><datafield ind1="1" ind2=" " tag="029"><subfield code="a">AU@</subfield><subfield code="b">000020720699</subfield></datafield><datafield ind1=" " ind2=" " tag="032"><subfield code="a">100260</subfield><subfield code="b">USPS</subfield></datafield><datafield ind1=" " ind2=" " tag="037"><subfield code="b">The Chapel Hill News, 505 W. Franklin St., Chapel Hill, NC 27516</subfield></datafield><datafield ind1=" " ind2=" " tag="042"><subfield code="a">pcc</subfield><subfield code="a">nsdp</subfield></datafield><datafield ind1=" " ind2=" " tag="043"><subfield code="a">n-us-nc</subfield></datafield><datafield ind1="0" ind2=" " tag="130"><subfield code="a">Chapel Hill news (Chapel Hill, N.C. : 1992)</subfield></datafield><datafield ind1=" " ind2="0" tag="222"><subfield code="a">Chapel Hill news</subfield><subfield code="b">(Chapel Hill, N.C. 1992)</subfield></datafield><datafield ind1="1" ind2="4" tag="245"><subfield code="a">The Chapel Hill news.</subfield></datafield><datafield ind1=" " ind2=" " tag="260"><subfield code="a">Chapel Hill, N.C. :</subfield><subfield code="b">Robert W. Parks,</subfield><subfield code="c">1992-</subfield></datafield><datafield ind1=" " ind2=" " tag="300"><subfield code="a">v. :</subfield><subfield code="b">ill. (some col.) ;</subfield><subfield code="c">58 cm.</subfield></datafield><datafield ind1=" " ind2=" " tag="310"><subfield code="a">Semiweekly (Wednesday and Sunday),</subfield><subfield code="b">&lt;2003&gt;</subfield></datafield><datafield ind1=" " ind2=" " tag="321"><subfield code="a">Three times a week,</subfield><subfield code="b">1992-&lt;1993&gt;</subfield></datafield><datafield ind1="0" ind2=" " tag="362"><subfield code="a">Vol. 70, no. 142 (Sept. 30, 1992)-</subfield></datafield><datafield ind1=" " ind2=" " tag="588"><subfield code="a">Latest issue consulted: Vol. 80, no. 55 (Sept. 7, 2003).</subfield></datafield><datafield ind1=" " ind2="0" tag="651"><subfield code="a">Chapel Hill (N.C.)</subfield><subfield code="v">Newspapers.</subfield></datafield><datafield ind1=" " ind2="0" tag="651"><subfield code="a">Orange County (N.C.)</subfield><subfield code="v">Newspapers.</subfield></datafield><datafield ind1=" " ind2="7" tag="655"><subfield code="a">Newspapers.</subfield><subfield code="2">fast</subfield><subfield code="0">(OCoLC)fst01423814</subfield></datafield><datafield ind1=" " ind2="7" tag="651"><subfield code="a">North Carolina</subfield><subfield code="z">Chapel Hill.</subfield><subfield code="2">fast</subfield><subfield code="0">(OCoLC)fst01206600</subfield></datafield><datafield ind1=" " ind2="7" tag="651"><subfield code="a">North Carolina</subfield><subfield code="z">Orange County.</subfield><subfield code="2">fast</subfield><subfield code="0">(OCoLC)fst01220945</subfield></datafield><datafield ind1=" " ind2=" " tag="752"><subfield code="a">United States</subfield><subfield code="b">North Carolina</subfield><subfield code="c">Orange</subfield><subfield code="d">Chapel Hill.</subfield></datafield><datafield ind1="0" ind2="0" tag="780"><subfield code="t">Chapel Hill newspaper</subfield><subfield code="w">(DLC)sn 92073233</subfield><subfield code="w">(OCoLC)9747649</subfield></datafield></record>